<?xml version="1.0" encoding="UTF-8" ?>
<record Numero="13920731" format="InterXMarc_Complet" type="Authority">
<leader>00818c0 au22000272  45  <Pos Code="0004">00818</Pos>
<Pos Code="05" Sens="notice modifiée">c</Pos>
<Pos Code="06" Sens="notice validée par les services d&apos;autorité">0</Pos>
<Pos Code="08" Sens="notice d&apos;autorité">a</Pos>
<Pos Code="09" Sens="titre uniforme musical (TUM)">u</Pos>
<Pos Code="10">2</Pos>
<Pos Code="11">2</Pos>
<Pos Code="1216">00027</Pos>
<Pos Code="17" Sens="autres cas">2</Pos>
<Pos Code="20">4</Pos>
<Pos Code="21">5</Pos>
</leader>
<controlfield tag="001">FRBNF139207313<Pos Code="0001">FR</Pos>
<Pos Code="0204">BNF</Pos>
<Pos Code="0512">13920731</Pos>
<Pos Code="13">3</Pos>
</controlfield>
<controlfield tag="008">890821140918yy    sy        188407    18900310               010 <Pos Code="0001">89</Pos>
<Pos Code="0203">08</Pos>
<Pos Code="0405">21</Pos>
<Pos Code="0607">14</Pos>
<Pos Code="0809">09</Pos>
<Pos Code="1011">18</Pos>
<Pos Code="1213" Sens="ne s&apos;applique pas">yy</Pos>
<Pos Code="1820" Sens="symphonie [symphonie périodique => symphonie]">sy </Pos>
<Pos Code="2831">1884</Pos>
<Pos Code="3233">07</Pos>
<Pos Code="3841">1890</Pos>
<Pos Code="4243">03</Pos>
<Pos Code="4445">10</Pos>
<Pos Code="61" Sens="La vedette peut être liée à une notice bibliographique pour les accès signalétiques et/ou pour l&apos;accès matière RAMEAU">0</Pos>
<Pos Code="62" Sens="La vedette ne peut s&apos;employer qu&apos;en tête de vedette">1</Pos>
<Pos Code="63" Sens="La vedette n&apos;admet pas de subdivision géographique">0</Pos>
</controlfield>
<datafield tag="048" ind1=" " ind2=" ">
	<subfield code="a">oa01<Pos Code="0001" Sens="orchestre - orchestre symphonique XIXe-XXe s.">oa</Pos>
<Pos Code="02">0</Pos>
<Pos Code="03">1</Pos>
</subfield>
</datafield>
<datafield tag="100" ind1=" " ind2=" ">
	<subfield code="3">13891920</subfield>
	<subfield code="w">.0..b.....</subfield>
	<subfield code="a">Bruckner</subfield>
	<subfield code="m">Anton</subfield>
	<subfield code="d">1824-1896</subfield>
</datafield>
<datafield tag="144" ind1="1" ind2=" ">
	<subfield code="w">....b.fre.</subfield>
	<subfield code="a">Symphonies</subfield>
	<subfield code="n">No 8</subfield>
	<subfield code="k">WAB 108</subfield>
	<subfield code="t">Do mineur</subfield>
</datafield>
<datafield tag="502" ind1=" " ind2=" ">
	<subfield code="3">13920722</subfield>
	<subfield code="a">Bruckner</subfield>
	<subfield code="m">Anton</subfield>
	<subfield code="d">1824-1896</subfield>
	<subfield code="t">[Symphonies (10). WAB 100-109]</subfield>
</datafield>
<datafield tag="600" ind1=" " ind2=" ">
	<subfield code="a">Existe en deux versions : 1re version (juillet 1884-10 août 1887) ; 2e version (octobre 1887-10 mars 1890)</subfield>
	<subfield code="a">1re exécution (complète) : Londres, 2 septembre 1973</subfield>
	<subfield code="a">Éd. (2e version) : Berlin, 1892 (J. Schalk et M. von Oberleithner)</subfield>
</datafield>
<datafield tag="610" ind1=" " ind2=" ">
	<subfield code="a">Grasberger, Bruckner</subfield>
</datafield>
<datafield tag="610" ind1=" " ind2=" ">
	<subfield code="a">Grove music online</subfield>
	<subfield code="u">http://www.oxfordmusiconline.com</subfield>
	<subfield code="d">2014-09-18</subfield>
</datafield>
<datafield tag="624" ind1=" " ind2=" ">
	<subfield code="a">780<Pos Code="0002" Sens="Musique">780</Pos>
</subfield>
</datafield>
<datafield tag="907" ind1=" " ind2=" ">
	<subfield code="o">GEA</subfield>
	<subfield code="a">009034356</subfield>
</datafield>
<datafield tag="917" ind1=" " ind2=" ">
	<subfield code="o">OPL</subfield>
	<subfield code="a">014993512</subfield>
</datafield>
<datafield tag="917" ind1=" " ind2=" ">
	<subfield code="o">OPC</subfield>
	<subfield code="a">100508530</subfield>
</datafield>
<datafield tag="917" ind1=" " ind2=" ">
	<subfield code="o">OPD</subfield>
	<subfield code="a">100774090</subfield>
	<subfield code="b">ATUM</subfield>
</datafield>
<datafield tag="996" ind1=" " ind2=" ">
	<subfield code="o">OPP</subfield>
	<subfield code="a">14847234</subfield>
	<subfield code="d">20090305</subfield>
</datafield>
<datafield tag="996" ind1=" " ind2=" ">
	<subfield code="o">OPP</subfield>
	<subfield code="a">13858595</subfield>
	<subfield code="d">20090305</subfield>
</datafield>
<Alter Ori="13891920">
<datafield tag="031" ind1=" " ind2=" ">
	<subfield code="a">0000000109078179</subfield>
	<subfield code="2" Sens="ISNI chargé à partir de VIAF">VIAF</subfield>
	<subfield code="d">20130731<Pos Code="0003">2013</Pos>
<Pos Code="0407" Sens="31 juillet">0731</Pos>
</subfield>
</datafield>
</Alter>
<Attr Nom="IDPerenne">ark:/12148/cb13920731r</Attr>
<Attr Nom="NumSource">GEA 009034356</Attr>
<Attr Nom="Source" Sens="BnF catalogue général (depuis 1999)">A</Attr>
<Attr Nom="NumAutoriteLiee">1389192013920722</Attr>
<Attr Nom="DateCreation">21/08/ 1989</Attr>
<Attr Nom="ResponsableCreation">MIGV2</Attr>
<Attr Nom="StructCreation">1</Attr>
<Attr Nom="DateDerniereValidation">18/09/ 2014</Attr>
<Attr Nom="ResponsableDerniereValidation">PUYRENIER FREDERIC</Attr>
<Attr Nom="StructPremiereValidation">1</Attr>
<Attr Nom="DatePremiereValidation">21/08/ 1989</Attr>
<Attr Nom="ResponsablePremiereValidation">MIGV2</Attr>
<Attr Nom="StructDerniereValidation">82</Attr>
<Attr Nom="NumSource" Rep="1">OPL 014993512</Attr>
<Attr Nom="NumSource" Rep="2">OPC 100508530</Attr>
<Attr Nom="NumSource" Rep="3">OPD 100774090</Attr>
<Attr Nom="NumSource" Rep="4">OPP 14847234</Attr>
<Attr Nom="NumSource" Rep="5">OPP 13858595</Attr>
</record>
